@misc{QuickDra10,
author = {Google},
title = {Quick, Draw! Doodle Recognition Challenge | Kaggle},
howpublished = {\url{https://www.kaggle.com/c/quickdraw-doodle-recognition}},
month = {Oct.},
year = {2018},
note = {(Accessed on 12/01/2018)}
}